@article{song2018mn,
  title={On the Mn--C short-range ordering in a high-strength high-ductility steel: Small angle neutron scattering and ab initio investigation},
  author={Song, Wenwen and Bogdanovski, Dimitri and Yildiz, Ahmet Bahadir and Houston, Judith E and Dronskowski, Richard and Bleck, Wolfgang},
  journal={Metals},
  volume={8},
  number={1},
  pages={44},
  year={2018},
  publisher={Multidisciplinary Digital Publishing Institute}
}
@article{von2011carbon,
  title={Carbon-Induced Ordering in Manganese-Rich Austeniteâ€”A Density-Functional Total-Energy and Chemical-Bonding Study},
  author={von Appen, J{\"o}rg and Dronskowski, Richard},
  journal={steel research international},
  volume={82},
  number={2},
  pages={101--107},
  year={2011},
  publisher={Wiley Online Library}
}
@article{ding2018tunable,
  title={Tunable stacking fault energies by tailoring local chemical order in CrCoNi medium-entropy alloys},
  author={Ding, Jun and Yu, Qin and Asta, Mark and Ritchie, Robert O},
  journal={arXiv preprint arXiv:1806.00718},
  year={2018}
}
@article{ismer2010ab,
  title={Ab initio study of the solubility and kinetics of hydrogen in austenitic high Mn steels},
  author={Ismer, Lars and Hickel, Tilmann and Neugebauer, J{\"o}rg},
  journal={Physical Review B},
  volume={81},
  number={9},
  pages={094111},
  year={2010},
  publisher={APS}
}
@article{hickel2014impact,
  title={Impact of nanodiffusion on the stacking fault energy in high-strength steels},
  author={Hickel, Tilmann and Sandl{\"o}bes, Stefanie and Marceau, Ross KW and Dick, Alexey and Bleskov, Ivan and Neugebauer, J{\"o}rg and Raabe, Dierk},
  journal={Acta materialia},
  volume={75},
  pages={147--155},
  year={2014},
  publisher={Elsevier}
}
@article{dieudonne2014role,
  title={Role of copper and aluminum additions on the hydrogen embrittlement susceptibility of austenitic Fe--Mn--C TWIP steels},
  author={Dieudonn{\'e}, T and Marchetti, L and Wery, M and Ch{\^e}ne, J and Allely, C and Cugy, P and Scott, CP},
  journal={Corrosion Science},
  volume={82},
  pages={218--226},
  year={2014},
  publisher={Elsevier}
}
@article{song2016effect,
  title={Effect of Al addition on low-cycle fatigue properties of hydrogen-charged high-Mn TWIP steels},
  author={Song, Seok Weon and Kwon, Young Jin and Lee, Taekyung and Lee, Chong Soo},
  journal={Materials Science and Engineering: A},
  volume={677},
  pages={421--430},
  year={2016},
  publisher={Elsevier}
}
@article{timmerscheidt2017role,
  title={The role of $\kappa$-carbides as hydrogen traps in high-Mn steels},
  author={Timmerscheidt, Tobias A and Dey, Poulumi and Bogdanovski, Dimitri and von Appen, J{\"o}rg and Hickel, Tilmann and Neugebauer, J{\"o}rg and Dronskowski, Richard},
  journal={Metals},
  volume={7},
  number={7},
  pages={264},
  year={2017},
  publisher={Multidisciplinary Digital Publishing Institute}
}
@article{chun2012delayed,
  title={Delayed static failure of twinning-induced plasticity steels},
  author={Chun, Young Soo and Park, Kyung-Tae and Lee, Chong Soo},
  journal={Scripta materialia},
  volume={66},
  number={12},
  pages={960--965},
  year={2012},
  publisher={Elsevier}
}
@article{mceniry2018ab,
  title={Ab initio simulation of hydrogen-induced decohesion in cementite-containing microstructures},
  author={McEniry, Eunan J and Hickel, Tilmann and Neugebauer, J{\"o}rg},
  journal={Acta Materialia},
  volume={150},
  pages={53--58},
  year={2018},
  publisher={Elsevier}
}
@article{tahir2014hydrogen,
  title={Hydrogen embrittlement of a carbon segregated $\Sigma$5 (310)[001] symmetrical tilt grain boundary in $\alpha$-Fe},
  author={Tahir, AM and Janisch, R and Hartmaier, A},
  journal={Materials Science and Engineering: A},
  volume={612},
  pages={462--467},
  year={2014},
  publisher={Elsevier}
}
@article{wang2016first,
  title={First-principles study of carbon segregation in bcc iron symmetrical tilt grain boundaries},
  author={Wang, Jingliang and Janisch, Rebecca and Madsen, Georg KH and Drautz, Ralf},
  journal={Acta Materialia},
  volume={115},
  pages={259--268},
  year={2016},
  publisher={Elsevier}
}
@article{han2014hydrogen,
  title={Hydrogen and aluminium in high-manganese twinning-induced plasticity steel},
  author={Han, Do Kyeong and Kim, Yong Min and Han, Heung Nam and Bhadeshia, HKDH and Suh, Dong-Woo},
  journal={Scripta Materialia},
  volume={80},
  pages={9--12},
  year={2014},
  publisher={Elsevier}
}
@article{shun1992study,
  title={A study of work hardening in austenitic Fe-Mn-C and Fe-Mn-Al-C alloys},
  author={Shun, Taotsung and Wan, CM and Byrne, JG},
  journal={Acta metallurgica et materialia},
  volume={40},
  number={12},
  pages={3407--3412},
  year={1992},
  publisher={Elsevier}
}
@article{lee2011origin,
  title={On the origin of dynamic strain aging in twinning-induced plasticity steels},
  author={Lee, Seok-Jae and Kim, Jinkyung and Kane, Shashank N and De Cooman, Bruno Charles},
  journal={Acta Materialia},
  volume={59},
  number={17},
  pages={6809--6819},
  year={2011},
  publisher={Elsevier}
}
@article{koyama2013effects,
  title={Effects of static and dynamic strain aging on hydrogen embrittlement in TWIP steels containing Al},
  author={Koyama, Motomichi and Akiyama, Eiji and Tsuzaki, Kaneaki},
  journal={ISIJ international},
  volume={53},
  number={7},
  pages={1268--1274},
  year={2013},
  publisher={The Iron and Steel Institute of Japan}
}
@article{jin2012effects,
  title={Effects of Al on microstructure and tensile properties of C-bearing high Mn TWIP steel},
  author={Jin, J-E and Lee, Y-K},
  journal={Acta Materialia},
  volume={60},
  number={4},
  pages={1680--1688},
  year={2012},
  publisher={Elsevier}
}
@article{park2010stacking,
  title={Stacking fault energy and plastic deformation of fully austenitic high manganese steels: Effect of Al addition},
  author={Park, Kyung-Tae and Jin, Kwang Geun and Han, Sang Ho and Hwang, Si Woo and Choi, Kayoung and Lee, Chong Soo},
  journal={Materials Science and Engineering: A},
  volume={527},
  number={16-17},
  pages={3651--3661},
  year={2010},
  publisher={Elsevier}
}
@article{chen1993effect,
  title={Effect of aluminium on TRIP Fe-Mn-Al alloy steels at room temperature},
  author={Chen, FC and Chou, CP and Li, P and Chu, SL},
  journal={Materials Science and Engineering: A},
  volume={160},
  number={2},
  pages={261--270},
  year={1993},
  publisher={Elsevier}
}
@article{kim2008effects,
  title={Effects of the strain induced martensite transformation on the delayed fracture for Al-added TWIP steel},
  author={Kim, Youngwoo and Kang, Namhyun and Park, Youngdo and Choi, Ildong and Kim, Gyosung and Kim, Sungkyu and Cho, Kyungmox},
  journal={Journal of the Korean Institute of Metals and Materials},
  volume={46},
  pages={780--787},
  year={2008}
}
@article{huter2016effects,
  title={Effects of aluminum on hydrogen solubility and diffusion in deformed Fe-Mn alloys},
  author={H{\"u}ter, Claas and Dang, S and Zhang, Xie and Glensk, Albert and Spatschek, R},
  journal={Advances in Materials Science and Engineering},
  volume={2016},
  year={2016},
  publisher={Hindawi}
}
@article{sevsek2018ab,
  title={Ab initio-based modelling of the yield strength in high-manganese steels},
  author={Sevsek, Simon and Bleck, Wolfgang},
  journal={Metals},
  volume={8},
  number={1},
  pages={34},
  year={2018},
  publisher={Multidisciplinary Digital Publishing Institute}
}
@article{koyama2017overview,
  title={Overview of hydrogen embrittlement in high-Mn steels},
  author={Koyama, Motomichi and Akiyama, Eiji and Lee, Young-Kook and Raabe, Dierk and Tsuzaki, Kaneaki},
  journal={international journal of hydrogen energy},
  volume={42},
  number={17},
  pages={12706--12723},
  year={2017},
  publisher={Elsevier}
}
@article{song2014interaction,
  title={Interaction of aluminium with hydrogen in twinning-induced plasticity steel},
  author={Song, Eun Ju and Bhadeshia, HKDH and Suh, Dong-Woo},
  journal={Scripta Materialia},
  volume={87},
  pages={9--12},
  year={2014},
  publisher={Elsevier}
}
@article{han2015effect,
  title={Effect of aluminium on hydrogen permeation of high-manganese twinning-induced plasticity steel},
  author={Han, DK and Lee, SK and Noh, SJ and Kim, S-K and Suh, D-W},
  journal={Scripta Materialia},
  volume={99},
  pages={45--48},
  year={2015},
  publisher={Elsevier}
}
@article{park2012mechanism,
  title={The mechanism of enhanced resistance to the hydrogen delayed fracture in Al-added Fe--18Mn--0.6 C twinning-induced plasticity steels},
  author={Park, Il-Jeong and Jeong, Kook-Hyun and Jung, Jae-Gil and Lee, Chong Soo and Lee, Young-Kook},
  journal={international journal of hydrogen energy},
  volume={37},
  number={12},
  pages={9925--9932},
  year={2012},
  publisher={Elsevier}
}

